@article{Rendle2010FactorizingPM,
  title={Factorizing personalized Markov chains for next-basket recommendation},
  author={Steffen Rendle and Christoph Freudenthaler and Lars Schmidt-Thieme},
  booktitle={WWW '10},
  year={2010}
}
@article{Yu2016ADR,
  title={A Dynamic Recurrent Model for Next Basket Recommendation},
  author={Feng Yu and Qiang Liu and Shu Wu and Liang Wang and Tieniu Tan},
  booktitle={SIGIR '16},
  year={2016}
}
